@electronic{handbook,
	author = "ALTERA",
	title = "Cyclone V device handbook",
	volume = "Volume 1: device interfaces and integration",
	year = "2012",
	pages = "32-33"
}
